@inproceedings{vaswani2017attention,
  author    = {Vaswani, Ashish and Shazeer, Noam and Parmar, Niki and Uszkoreit, Jakob and Jones, Llion and Gomez, Aidan N and Kaiser, Lukasz and Polosukhin, Illia},
  booktitle = {Advances in Neural Information Processing Systems},
  title     = {Attention is all you need},
  year      = {2017}
}

@article{lewis2020retrievalaugmented,
  author  = {Lewis, Patrick and Perez, Ethan and Piktus, Aleksandra and Petroni, Fabio and Karpukhin, Vladimir and Goyal, Naman and K{\"u}ttler, Heinrich and Lewis, Mike and Yih, Wen-tau and Rockt{\"a}schel, Tim and others},
  journal = {arXiv preprint arXiv:2005.11401},
  title   = {Retrieval-Augmented Generation for Knowledge-Intensive NLP Tasks},
  year    = {2020}
}

@article{jiang2023mistral,
  author  = {Jiang, Albert Q. and Sablayrolles, Alexandre and Mensch, Arthur and Bamford, Chris and Chaplot, Devendra Singh and de las Casas, Diego and Bressand, Florian and Lengyel, Gianna and Lample, Guillaume and Saulnier, Lucile and others},
  journal = {arXiv preprint arXiv:2310.06825},
  title   = {Mistral 7B},
  year    = {2023}
}

@article{touvron2023llama,
  author  = {Touvron, Hugo and Lavril, Thibaut and Izacard, Gautier and Martinet, Xavier and Lachaux, Marie-Anne and Lacroix, Timoth{\'e}e and Rozi{\`e}re, Baptiste and Goyal, Naman and Hambro, Eric and Azhar, Faisal and others},
  journal = {arXiv preprint arXiv:2302.13971},
  title   = {LLaMA: Open and Efficient Foundation Language Models},
  year    = {2023}
}

@misc{deepseek-ai2025deepseekr1,
  archiveprefix = {arXiv},
  author        = {DeepSeek-AI},
  eprint        = {2501.12948},
  primaryclass  = {cs.CL},
  title         = {DeepSeek-R1: Incentivizing Reasoning Capability in LLMs via Reinforcement Learning},
  year          = 2025
}

@article{phi-4,
  author  = {Marah Abdin and Jyoti Aneja and Harkirat Behl and S{\'e}bastien Bubeck and Ronen Eldan and Suriya Gunasekar and Michael Harrison and Russell J. Hewett and Mojan Javaheripi and Piero Kauffmann and James R. Lee and Yin Tat Lee and Yuanzhi Li and Weishung Liu and Caio C. T. Mendes and Anh Nguyen and Eric Price and Gustavo de Rosa and Olli Saarikivi and Adil Salim and Shital Shah and Xin Wang and Rachel Ward and Yue Wu and Dingli Yu and Cyril Zhang and Yi Zhang},
  journal = {arXiv preprint arXiv:2412.08905},
  note    = {cs.CL},
  title   = {Phi-4 Technical Report},
  url     = {https://arxiv.org/abs/2412.08905},
  year    = {2024}
}

@article{mikolov2013efficient,
  author  = {Mikolov, Tomas},
  journal = {arXiv preprint arXiv:1301.3781},
  title   = {Efficient estimation of word representations in vector space},
  volume  = {3781},
  year    = {2013}
}

@misc{google2017transformer,
  author       = {Google Research},
  howpublished = {https://research.google/blog/transformer-a-novel-neural-network-architecture-for-language-understanding/},
  title        = {Transformer: A Novel Neural Network Architecture for Language Understanding},
  year         = {2017}
}

@misc{gemma_2025,
  author    = {Gemma Team},
  publisher = {Kaggle},
  title     = {Gemma 3},
  url       = {https://goo.gle/Gemma3Report},
  year      = {2025}
}

@misc{olegborisovembeddingspace,
  author       = {Oleg Borisov},
  howpublished = {https://medium.com/data-science/word-embeddings-intuition-behind-the-vector-representation-of-the-words-7e4eb2410bba/},
  title        = {Word Embeddings: Intuition behind the vector representation of the words},
  year         = {2020}
}

@book{Newman2010,
  author    = {Newman, M. E. J.},
  isbn      = {9780199206650 0199206651},
  publisher = {Oxford University Press},
  title     = {Networks: an introduction},
  year      = {2010}
}

@article{Newman2003Mixing,
  author  = {Newman, M. E. J.},
  journal = {Physical Review E},
  title   = {Mixing patterns in networks},
  volume  = {67},
  year    = {2003}
}

@article{Newman2002Assortative,
  author  = {Newman, M. E. J.},
  journal = {Physical Review Letters},
  title   = {Assortative Mixing in Networks},
  volume  = {89},
  year    = {2002}
}

@inproceedings{reimers-2019-sentence-bert,
  author    = {Reimers, Nils and Gurevych, Iryna},
  booktitle = {Proceedings of the 2019 Conference on Empirical Methods in Natural Language Processing},
  month     = {11},
  publisher = {Association for Computational Linguistics},
  title     = {Sentence-BERT: Sentence Embeddings using Siamese BERT-Networks},
  url       = {https://arxiv.org/abs/1908.10084},
  year      = {2019}
}

@misc{hermans2017defense,
  archiveprefix = {arXiv},
  author        = {Alexander Hermans and Lucas Beyer and Bastian Leibe},
  eprint        = {1703.07737},
  primaryclass  = {cs.CV},
  title         = {In Defense of the Triplet Loss for Person Re-Identification},
  year          = {2017}
}

@misc{nisemonogatari_ep1,
  author = {Hachikuji Mayoi},
  month  = {Jan},
  note   = {Trasmissione televisiva},
  title  = {Nisemonogatari, Karen Bee, Part One},
  year   = {2012}
}

@misc{af64_spoiler_filter,
  author       = {AlexFazio64},
  howpublished = {https://github.com/AlexFazio64/gaen-thesis},
  title        = {gaen-thesis},
  year         = {2025}
}